@book{book:2994279,
   title =     {Advanced Algorithms and Data Structures},
   author =    {Marcello La Rocca},
   publisher = {Manning Publications},
   isbn =      {1617295485,9781617295485},
   year =      {2021},
   series =    {},
   edition =   {1},
   volume =    {},
   url =       {http://gen.lib.rus.ec/book/index.php?md5=47B7D19325B663DC8AE94A1FA17933D8}
}
